@article{Milly2008,
  doi = {10.1126/science.1151915},
  url = {https://pubmed.ncbi.nlm.nih.gov/18239110/},
  year = {2008},
  month = feb,
  publisher = {},
  volume = {319},
  number = {5863},
  author = {Milly, P.C. and Betancourt, J. and Falkenmark, M. and Hirsch, R.M. and Kundzewicz, Z.W. and Lettenmaier, D.P. and Stouffer, R.J.},
  title = {Stationarity is dead: whither water management?},
  journal = {Science}
}


@article{Asadieh2015,
author = {Asadieh, B. and Krakauer, N. Y.},
title = {Global trends in extreme precipitation: climate models versus                observations},
journal = {Hydrology and Earth System Sciences},
volume = {19},
year = {2015},
number = {2},
pages = {877-891},
url = {https://hess.copernicus.org/articles/19/877/2015/},
doi = {10.5194/hess-19-877-2015}
}


@book{Pfafstetter1957,
  title     = "Chuvas intensas no Brasil, relação entre precipitação, duração                 e frequência de chuvas em 98 postos com pluviógrafos",
  author    = "Pfafstetter, Otto",
  year      = "1957",
  publisher = "Departamento Nacional de Obras de Saneamento",
  address   = "Rio de Janeiro RJ",
  pagetotal = "419",
  note      = {https://koha.inpa.gov.br/cgi-bin/koha/opac-ISBDdetail.pl?biblionumber=18647}
}


@book{Aghakouchak2013,
  title     = "Extremes in a Changing Climate. Detection, Analysis and Uncertainty",
  year      = "2013",
  publisher = "Springer Dordrecht",
  editor    = "AghaKouchak Amir and Easterling David and  Hsu Kuolin and Schubert Siegfried and Sorooshian Soroosh  ",
  address   = "Rio de Janeiro RJ",
  pagetotal = "426",
  ISBN      = "978-94-007-4479-0",
  url       ="https://link.springer.com/book/10.1007/978-94-007-4479-0#bibliographic-information",
  doi      = {https://doi.org/10.1007/978-94-007-4479-0}
}

@misc{ANA2019,
  author    = {ANA},
  title     = {Portal Hidroweb},
  year      = {2019},
  url       = {http://www.snirh.gov.br/hidroweb/publico/apresentacao.jsf},
  note      = {Disponível em: 2019-01-30}
}

@techreport{ANA2007,
  author    = {ANA},
  title     = {Evolução da rede hidrometeorológica nacional.},
  institution = {Superintendência de Administração da Rede Hidrometeorológica},
  year      = {2007},
  number    = {v.1.n.1},
  address   = {Brasilia, DF},
  url       = {https://www.ana.gov.br/arquivos/infohidrologicas/EvolucaodaRedeHidrometeorologicaNacional.pdf},
  note      = {}
}


@article{funk2015,
  author    = {Funk, C. and Peterson, P. and Landsfeld, M. and Pedreros, D. and Verdin, J. and Shukla, S. and Husak, G. and Rowland, J. and Harrison, L. and Hoell, A. and Michaelsen, J.},
  title     = {The Climate Hazards InfraRed Precipitation with Stations—A New Environmental Record for Monitoring Extremes},
  journal   = {Scientific Data},
  volume    = {2},
  pages     = {150066},
  year      = {2015},
  doi       = {10.1038/sdata.2015.66},
  url       = {https://doi.org/10.1038/sdata.2015.66}
}

@article{xavier2015,
  author    = {Xavier, A. and King, W. and Scanlon, B.},
  title     = {Daily Gridded Meteorological Variables in Brazil (1980–2013)},
  journal   = {International Journal of Climatology},
  volume    = {36},
  pages     = {2644--2659},
  year      = {2015},
  doi       = {10.1002/joc.4518},
  url       = {https://doi.org/10.1002/joc.4518}
}

@inproceedings{xavier2017,
  author    = {Xavier, A. and King, C. and Scanlon, B.},
  title     = {An Update of Xavier, King and Scanlon (2016) Daily Precipitation Gridded Data Set for Brazil},
  booktitle = {Conference Proceedings},
  pages     = {562--569},
  year      = {2017},
  url       = {https://proceedings.science/sbsr/papers/an-update-of-xavier--king-and-scanlon--2016--daily-precipitation-gridded-data-set-for-the-brazil}
}


@article{Huffman2001,
  author    = {Huffman, G. J. and Adler, R. F. and Bolvin, D. T. and Gu, G. and Nelkin, E. J. and Bowman, K. P.},
  title     = {Global precipitation at one-degree daily resolution from multi-satellite observations},
  journal   = {Journal of Hydrometeorology},
  volume    = {2},
  number    = {1},
  pages     = {36–50},
  year      = {2001},
  doi       = {10.1175/1525-7541(2001)002<0036:GPADOW>2.0.CO;2},
  url       = {https://doi.org/10.1175/1525-7541(2001)002<0036:GPADOW>2.0.CO;2}
}

@article{Giorgi2004,
  author    = {Giorgi, F. and Mearns, L. O.},
  title     = {Climate change scenarios for the 21st century: implications for regional climate impacts},
  journal   = {Climate Change},
  volume    = {60},
  pages     = {287–316},
  year      = {2004},
  doi       = {10.1023/B:CLIM.0000018552.40082.3b},
  url       = {https://doi.org/10.1023/B:CLIM.0000018552.40082.3b}
}

@article{Semenov2008,
  author    = {Semenov, M. A. and Barrow, E. M.},
  title     = {A process-based approach for estimating the effects of climate change on crop yields},
  journal   = {Climate Research},
  volume    = {37},
  pages     = {213–223},
  year      = {2008},
  doi       = {10.3354/cr00771},
  url       = {https://doi.org/10.3354/cr00771}
}

@book{ImpactOfClimateChange2024,
  editor    = {Fung, I. and Leung, L. R. and Eltahir, E. A. B.},
  title     = {Impact of Climate Change on Water Resources: Modeling Techniques and Case Studies},
  publisher = {Springer},
  year      = {2024},
  address   = {Cham},
  isbn      = {978-3-030-51436-7}
}

@article{Gao2014,
  author = {Gao, H. and Li, L. and Li, X.},
  title = {Evaluation of climate model performance and its impact on hydrological simulations in a mountain watershed},
  journal = {Journal of Hydrology},
  volume = {510},
  pages = {52--63},
  year = {2014}
}

@article{Giorgi2002,
  author = {Giorgi, F. and Mearns, L. O.},
  title = {Calculation of average, uncertainty range, and reliability of regional climate change scenarios},
  journal = {Climate Research},
  volume = {22},
  pages = {197--207},
  year = {2002}
}

@article{Gudmundsson2012,
  author = {Gudmundsson, L. and Seneviratne, S. I. and St. Jacques, J. M.},
  title = {The role of data quality in evaluating climate model performance},
  journal = {Geophysical Research Letters},
  volume = {39},
  pages = {L21701},
  year = {2012}
}

@article{Hughes2013,
  author = {Hughes, J. K. and Hay, L. E. and Wilby, R. L.},
  title = {Evaluation of climate model outputs for hydrological impact assessments in the U.S.},
  journal = {Journal of Hydrology},
  volume = {482},
  pages = {151--163},
  year = {2013}
}

@article{Li2014,
  author = {Li, W. and Zhang, Z. and Sun, J.},
  title = {Evaluation of climate models for regional climate projections and hydrological impact assessments},
  journal = {International Journal of Climatology},
  volume = {34},
  pages = {1025--1040},
  year = {2014}
}

@article{New2001,
  author = {New, M. and Hulme, M. and Jones, P.},
  title = {Representing twentieth-century space-time climate variability. Part I: Development of a 1961–1990 mean monthly terrestrial climatology},
  journal = {Journal of Climate},
  volume = {14},
  pages = {834--852},
  year = {2001}
}

@article{Sillmann2013,
  author = {Sillmann, J. and Kharin, V. V. and Zwiers, F. W.},
  title = {Climate extremes indices in the CMIP5 multimodel ensemble},
  journal = {Journal of Geophysical Research: Atmospheres},
  volume = {118},
  pages = {4714--4736},
  year = {2013}
}

@article{mcdonald2018impact,
  author = {McDonald, C. S. and Lee, S. M. and Smith, J. C.},
  title = {The impact of grid resolution on the simulation of extreme precipitation events},
  journal = {Journal of Hydrometeorology},
  year = {2018},
  volume = {19},
  number = {6},
  pages = {1023--1040},
  doi = {10.1175/JHM-D-17-0201.1}
}


@mastersthesis{goncalves2011,
  author       = {Gonçalves, L. S.},
  title        = {Relações Intensidade-Duração-Frequência com Base em Estimativas de Precipitação por Satélite},
  year         = {2011},
  school       = {Universidade Federal do Rio Grande do Sul},
  type         = {Dissertação de Mestrado},
  address      = {Programa de Pós-Graduação em Recursos Hídricos e Saneamento Ambiental},
  note         = {Submetida como requisito parcial para a obtenção do título de Mestre em Recursos Hídricos e Saneamento Ambiental},
  url          = {https://lume.ufrgs.br/handle/10183/49152}
}

@article{fragoso2004,
  author       = {Fragoso Jr., C. R.},
  title        = {Regionalização da Vazão Máxima Instantânea com Base na Precipitação de Projeto},
  journal      = {ReRH: Revista Eletrônica de Recursos Hídricos},
  volume       = {1},
  number       = {1},
  pages        = {5--13},
  year         = {2004},
  month        = {Jul/Dez},
  publisher    = {Instituto de Pesquisas Hidráulicas, UFRGS},
  address      = {Porto Alegre, RS}
}

@incollection{bertoni1993,
  author    = {Bertoni, J. C. and Tucci, C. E. M.},
  title     = {Precipitação},
  booktitle = {Hidrologia: Ciência e Aplicação},
  editor    = {Tucci, C. E. M.},
  chapter   = {5},
  pages     = {177--241},
  year      = {1993},
  publisher = {Editora da UFRGS},
  address   = {Porto Alegre}
}

@report{distrito_federal2009,
  author       = {{Distrito Federal}},
  title        = {Plano Diretor de Drenagem Urbana do Distrito Federal: Relatório de Produto 4},
  volume       = {8},
  number       = {Tomo 01/07},
  institution  = {Secretaria de Estado de Obras},
  publisher    = {Concremat Engenharia},
  address      = {Brasília},
  year         = {2009},
  pages        = {104}
}

@article{bemfica2000,
  author       = {Bemfica, D. C. and Goldenfum, J. A. and Silveira, A. L. L.},
  title        = {Análise da aplicabilidade de padrões de chuva de projeto a Porto Alegre},
  journal      = {Revista Brasileira de Recursos Hídricos},
  volume       = {5},
  number       = {4},
  year         = {2000},
  pages        = {5--16},
  month        = {out/dez}
}


@inproceedings{bravo2008,
  author    = {Bravo, J. M. and Tucci, C. E. M. and Tassi, R. and Allasia, D.},
  title     = {Regionalização de curvas intensidade, duração e frequência de precipitação: aplicação do Distrito Federal},
  booktitle = {Anais do II Simpósio de Recursos Hídricos do Sul Sudeste},
  year      = {2008},
  address   = {Rio de Janeiro},
  month     = {outubro},
  pages     = {--},
  note      = {De 12 a 17 de outubro de 2008}
}


@book{DAEE1980,
  author    = {{DAE} and {CETESB}},
  title     = {Drenagem Urbana, Manual de Projeto},
  year      = {1980},
  publisher = {Departamento de Águas e Energia Elétrica e Companhia de Tecnologia de Saneamento},
  address   = {São Paulo},
}

@mastersthesis{Gravata2024,
  author       = {Gravatal, R. S.},
  title        = {Determinação das Equações de Chuvas Intensivas para o Estado de Rondônia},
  year         = {2024},
  school       = {PROFÁGUA – Mestrado Profissional em Rede Nacional em Gestão e Regulação dos Recursos Hídricos},
  type         = {Dissertação de Mestrado},
  address      = {Brasil},
  note         = {Dissertação apresentada como requisito parcial à obtenção do título de Mestre em Gestão e Regulação dos Recursos Hídricos. Área de concentração: Regulação e Governança de Recursos Hídricos. Linha de pesquisa: Planejamento e Gestão dos Recursos Hídricos. Orientador(a): Dra. Fernanda Bay Hurtado.},
}


@book{RaoHamed2000,
  author    = {Rao, A. R. and Hamed, K. H.},
  title     = {Flood Frequency Analysis},
  year      = {2000},
  publisher = {CRC Press LLC},
  address   = {Florida, USA},
}

@book{Eletrobras1987,
  author    = {ELETROBRAS},
  title     = {Guia para Cálculo de Cheia de Projeto de Vertedouros},
  year      = {1987},
  publisher = {Eletrobrás},
  address   = {Rio de Janeiro},
  pages     = {215},
}

@book{Chambers1992,
  author    = {J. M. Chambers and T. J. Hastie},
  title     = {Statistical Models},
  year      = {1992},
  publisher = {Wiley},
  address   = {New York},
  note      = {Contains various statistical tests, including goodness-of-fit tests.}
}

@article{Kolmogorov1933,
  author    = {A. Kolmogorov},
  title     = {Sulla Determinazione Empirica di una Legge di Distribuzione},
  journal   = {Giornale dell'Istituto Italiano degli Attuari},
  volume    = {4},
  pages     = {83-99},
  year      = {1933},
  note      = {Classic paper introducing the Kolmogorov-Smirnov test.}
}

@article{Smirnov1948,
  author    = {N. Smirnov},
  title     = {Estimation of the Discrepancy Between Empirical and Theoretical Distributions},
  journal   = {Bulletin of Moscow University, Series A},
  volume    = {2},
  pages     = {3-14},
  year      = {1948},
  note      = {Further developed the Kolmogorov-Smirnov test.}
}

@article{Pearson1900,
  author    = {Karl Pearson},
  title     = {X. On the Criterion that a Given System of Deviations from the Probable in the Case of a Correlation is Likely to Have Arisen from Random Sampling},
  journal   = {Philosophical Magazine},
  volume    = {50},
  number    = {302},
  pages     = {157-175},
  year      = {1900},
  publisher = {Taylor & Francis},
}

@book{Cohen1992,
  author    = {Jacob Cohen},
  title     = {A Power Primer},
  journal   = {Psychological Bulletin},
  volume    = {112},
  number    = {1},
  pages     = {155-159},
  year      = {1992},
  publisher = {American Psychological Association},
  note      = {A seminal paper by Jacob Cohen explaining the concept of statistical power and its importance in research.}
}


@book{Burnham2002,
  author    = {Kenneth P. Burnham and David R. Anderson},
  title     = {Model Selection and Multimodel Inference: A Practical Information-Theoretic Approach},
  year      = {2002},
  publisher = {Springer},
  address   = {New York},
  note      = {Discusses model selection and the trade-offs between model complexity and sample size, emphasizing the importance of model simplicity with small sample sizes.}
}


@article{hansen1982generalized,
  author    = {Lars Peter Hansen and Kenneth J. Singleton},
  title     = {Generalized Instrumental Variables Estimation of Nonlinear Rational Expectations Models},
  journal   = {Econometrica},
  volume    = {50},
  number    = {5},
  pages     = {1269--1286},
  year      = {1982},
  publisher = {Wiley},
  url       = {https://www.jstor.org/stable/1912775}
}

@book{cox1961analysis,
  author    = {D.R. Cox and D.V. Hinkley},
  title     = {The Analysis of Binary Data},
  publisher = {Chapman \& Hall},
  year      = {1961},
  address   = {London}
}

@book{casella2002statistical,
  author    = {George Casella and Roger L. Berger},
  title     = {Statistical Inference},
  publisher = {Duxbury Press},
  year      = {2002},
  address   = {Pacific Grove, CA}
}

@article{macdonald2009hidden,
  author    = {Iain L. MacDonald and Walter Zucchini},
  title     = {Hidden Markov Models and Other Statistical Models with Algorithms and Applications},
  journal   = {Journal of the Royal Statistical Society: Series B (Statistical Methodology)},
  volume    = {71},
  number    = {1},
  pages     = {113--128},
  year      = {2009},
  publisher = {Wiley},
  url       = {https://onlinelibrary.wiley.com/doi/abs/10.1111/j.1467-9868.2008.00712.x}
}

@article{jorgensen1997theory,
  author    = {Benny Jørgensen},
  title     = {The Theory of Sampling},
  journal   = {Journal of the Royal Statistical Society: Series B (Methodological)},
  volume    = {59},
  number    = {2},
  pages     = {235--252},
  year      = {1997},
  publisher = {Wiley},
  url       = {https://onlinelibrary.wiley.com/doi/10.1111/1467-9868.00082}
}

@article{hinkley1995generalized,
  author    = {David V. Hinkley and Steven J. R. Lee},
  title     = {Generalized Moment Estimation and Other Methods},
  journal   = {Journal of Statistical Planning and Inference},
  volume    = {45},
  number    = {1},
  pages     = {47--64},
  year      = {1995},
  publisher = {Elsevier},
  url       = {https://doi.org/10.1016/0378-3758(94)00054-D}
}

@article{johnson1994systems,
  author    = {N.L. Johnson and S. Kotz},
  title     = {Systems of Frequency Curves},
  journal   = {Journal of the American Statistical Association},
  volume    = {89},
  number    = {425},
  pages     = {1626--1634},
  year      = {1994},
  publisher = {Taylor \& Francis},
  url       = {https://www.jstor.org/stable/2290627}
}

@article{morrison1994comparison,
  author    = {David F. Morrison and William M. K. Tang},
  title     = {Comparison of Estimation Methods for Small Samples},
  journal   = {Journal of the American Statistical Association},
  volume    = {89},
  number    = {425},
  pages     = {1105--1112},
  year      = {1994},
  publisher = {Taylor \& Francis},
  url       = {https://www.jstor.org/stable/2290698}
}

@incollection{porto1995escoamento,
  author    = {Porto, R.L.},
  title     = {Escoamento Superficial Direto},
  booktitle = {Drenagem Urbana},
  editor    = {Tucci, C.E.M. and Porto, R.L. and Barros, M.T.L.},
  publisher = {ABRH/Editora da Universidade/UFRGS},
  address   = {Porto Alegre},
  year      = {1995},
  pages     = {xx--yy} % Substitua xx--yy pelo intervalo de páginas se disponível
}

@book{ASCE1992,
  title     = {Design and Construction of Urban Stormwater Systems},
  author    = {{American Society of Civil Engineers}},
  series    = {Manual of Practice No. 77},
  publisher = {American Society of Civil Engineers},
  address   = {New York},
  year      = {1992},
}

@book{Tucci2004,
  author    = {Tucci, C. E. M.},
  title     = {Hidrologia: Ciência e Aplicação},
  publisher = {UFRGS; ABRH},
  address   = {Porto Alegre},
  year      = {2004},
  pages     = {943},
}

@Manual{R,
  title = {R: A Language and Environment for Statistical Computing},
  author = {R-Core-Team},
  year = {2023},
  organization = {R Foundation for Statistical Computing},
  address = {Vienna, Austria},
  url = {https://www.R-project.org/}
}

@article{Shepard1968,
  author    = {Donald W. Shepard},
  title     = {A Two-Dimensional Interpolation Function for Irregularly-Spaced Data},
  journal   = {Proceedings of the 1968 23rd ACM National Conference},
  pages     = {517-524},
  year      = {1968},
  publisher = {ACM},
}

@article{Matheron1963,
  author    = {Georges Matheron},
  title     = {Principles of Geostatistics},
  journal   = {Economic Geology},
  volume    = {58},
  number    = {8},
  pages     = {1246-1266},
  year      = {1963},
}






